@article{Heng_Wang_2015,
   title={Concept drift detection for streaming data},
   ISBN={9781479919604},
   url={http://dx.doi.org/10.1109/IJCNN.2015.7280398},
   DOI={10.1109/ijcnn.2015.7280398},
   journal={2015 International Joint Conference on Neural Networks (IJCNN)},
   publisher={IEEE},
   author={Heng Wang and Abraham, Zubin},
   year={2015},
   month={Jul}
}

@article{survey-concept-drift,
author = {Gama, João and Žliobaitė, Indrė and Bifet, Albert and Pechenizkiy, Mykola and Bouchachia, Hamid},
year = {2014},
month = {04},
pages = {},
title = {A Survey on Concept Drift Adaptation},
volume = {46},
journal = {ACM Computing Surveys (CSUR)},
doi = {10.1145/2523813}
}

@article{big-data-beginning-future,
author = {Yaqoob, Ibrar and Hashem, Ibrahim and Gani, Abdullah and Mokhtar, Salimah and Ahmed, Ejaz and Anuar, Nor and Vasilakos, Athanasios},
year = {2016},
month = {12},
pages = {},
title = {Big Data: From Beginning to Future},
volume = {36},
journal = {International Journal of Information Management},
doi = {10.1016/j.ijinfomgt.2016.07.009}
}

@misc{wiki:big-data,
author = "{Wikipedia contributors}",
title = "Big data --- {Wikipedia}{,} The Free Encyclopedia",
year = "2020",
howpublished = "\url{https://en.wikipedia.org/w/index.php?title=Big_data&oldid=958939793}",
}

@book{advances-knowledge-discovery,
editor = {Fayyad, Usama M. and Piatetsky-Shapiro, Gregory and Smyth, Padhraic and Uthurusamy, Ramasamy},
title = {Advances in Knowledge Discovery and Data Mining},
year = {1996},
isbn = {0262560976},
publisher = {American Association for Artificial Intelligence},
address = {USA}
}

@misc{onlinelearning,
    title={Online Learning: A Comprehensive Survey},
    author={Steven C. H. Hoi and Doyen Sahoo and Jing Lu and Peilin Zhao},
    year={2018},
    eprint={1802.02871},
    archivePrefix={arXiv},
    primaryClass={cs.LG}
}

@book{pattern-classification,
  address = {New York},
  author = {Duda, Richard O. and Hart, Peter E. and Stork, David G.},
  publisher = {Wiley},
  title = {Pattern Classification},
  year = 2001
}

@misc{ddm,
    author = {Gama, João and Medas, Pedro and Castillo, Gladys and Rodrigues, Pedro},
    year = {2004},
    month = {09},
    pages = {286-295},
    title = {Learning with Drift Detection},
    volume = {8},
    journal = {Intelligent Data Analysis},
    doi = {10.1007/978-3-540-28645-5_29}
}

@misc{eddm,
    author = {Baena-García, Manuel and Campo-Ávila, José and Fidalgo-Merino, Raúl and Bifet, Albert and Gavald, Ricard and Morales-Bueno, Rafael},
    year = {2006},
    month = {01},
    pages = {},
    title = {Early Drift Detection Method}
}

@inproceedings{kowsari2017HDLTex,
    title={HDLTex: Hierarchical Deep Learning for Text Classification},
    author={Kowsari, Kamran and Brown, Donald E and Heidarysafa, Mojtaba and Jafari Meimandi, Kiana and and Gerber, Matthew S and Barnes, Laura E},
    booktitle={Machine Learning and Applications (ICMLA), 2017 16th IEEE International Conference on},
    year={2017},
    organization={IEEE}
}

@Article{survey-outlier-detection,
author="Hodge, Victoria
and Austin, Jim",
title="A Survey of Outlier Detection Methodologies",
journal="Artificial Intelligence Review",
year="2004",
month="Oct",
day="01",
}

@article{there-and-back-again,
author = {Zimek, Arthur and Filzmoser, Peter},
title = {There and back again: Outlier detection between statistical reasoning and data mining algorithms},
journal = {Wiley Interdisciplinary Reviews: Data Mining and Knowledge Discovery},
volume = {8},
number = {6},
pages = {e1280},
keywords = {anomaly detection, outlier detection, outlier model, statistics and data mining},
year = {2018}
}

@article{hierarchical-heavy-hitters,
  author    = {Michael Mitzenmacher and
               Thomas Steinke and
               Justin Thaler},
  title     = {Hierarchical Heavy Hitters with the Space Saving Algorithm},
  journal   = {CoRR},
  volume    = {abs/1102.5540},
  year      = {2011},
  archivePrefix = {arXiv},
  eprint    = {1102.5540},
}

@article{hht,
   title={Concept drift detection and adaptation with hierarchical hypothesis testing},
   volume={356},
   ISSN={0016-0032},
   number={5},
   journal={Journal of the Franklin Institute},
   publisher={Elsevier BV},
   author={Yu, Shujian and Abraham, Zubin and Wang, Heng and Shah, Mohak and Wei, Yantao and Príncipe, José C.},
   year={2019},
   month={Mar},
   pages={3187–3215}
}

@inproceedings{adwin,
  title={Learning from Time-Changing Data with Adaptive Windowing},
  author={Albert Bifet and Ricard Gavald{\`a}},
  booktitle={SDM},
  year={2007}
}

@article{incremental-learning-of-concept-drift,
  title={Incremental Learning of Concept Drift in Nonstationary Environments},
  author={Ryan Elwell and Robi Polikar},
  journal={IEEE Transactions on Neural Networks},
  year={2011},
  volume={22},
  pages={1517-1531}
}

@article{concept-drift-detection-for-streaming-data,
   title={Concept drift detection for streaming data},
   ISBN={9781479919604},
   journal={2015 International Joint Conference on Neural Networks (IJCNN)},
   publisher={IEEE},
   author={Heng Wang and Abraham, Zubin},
   year={2015},
   month={Jul}
}

@inproceedings{detecting-change-in-data-streams,
author = {Kifer, Daniel and Ben-David, Shai and Gehrke, Johannes},
title = {Detecting Change in Data Streams},
year = {2004},
isbn = {0120884690},
publisher = {VLDB Endowment},
booktitle = {Proceedings of the Thirtieth International Conference on Very Large Data Bases - Volume 30},
pages = {180–191},
numpages = {12},
location = {Toronto, Canada},
series = {VLDB ’04}
}

@inproceedings{onlineanomalydetection,
  title={Online Anomaly Detection over Big Data Streams},
  author={Laura Rettig and Mourad Khayati and Philippe Cudr{\'e}-Mauroux and Michal Pi{\'o}rkowski},
  booktitle={Applied Data Science},
  year={2019}
}

